1913 3234
372 159 455 216 17⁷

13 328 93 374 altera
111 319 162 365 vice
180 314 204 360 iu
222 312 301 360 Asiam
317 313 440 360 descendit
461 310 599 357 inferiorem
616 310 767 380 liebucadne-

12 424 63 463 zar,
80 404 244 461 Hierosolyma
259 403 329 447 facile
340 404 385 447 sibi
397 394 511 460 subjecta,
525 390 666 458 Jojalrirnum
676 402 770 441 servum

11 495 56 540 sibi
75 492 134 536 feeit
149 487 175 548 (2
191 490 250 546 neg.
264 489 303 532 24.
322 488 363 546 l);
379 489 425 532 hoo
441 492 548 544 tempore
565 487 656 542 aliquot
671 481 767 532 Judaeos

11 577 39 623 ad
56 575 174 633 Babylona
188 586 242 618 esse
257 572 370 618 abductos
382 575 536 636 priorumque
552 588 584 618 ea
597 572 643 619 boe
656 576 768 632 tempore

12 665 193 730 deportationis
200 666 300 724 saetam
315 664 425 716 initium,
442 677 471 707 ex
486 663 543 707 Dan.
557 664 592 716 l.,
611 662 641 707 de
658 673 703 721 quo
713 670 767 722 mox

11 755 77 813 plura
91 754 270 813 disputabimus,
286 750 399 807 eolligunt
413 746 469 808 (cfr.
491 748 568 793 Witsii
586 749 689 793 Miscell.
706 760 767 790 saer,

12 843 34 884 1.
50 855 87 898 pg.
103 837 169 898 241).
209 838 339 895 Jojakimus
359 836 486 896 nouultra
506 841 558 878 tres
579 847 652 876 anuos
675 833 700 874 in
720 829 768 873 fide

11 925 103 978 mansit,
118 922 283 980 quibusfiuitis
292 934 345 965 eum
364 918 502 972 rebellaret,
519 917 684 963 Chaldaeorum
697 914 769 974 Syro-

12 990 77 1068 rum,
96 1011 252 1058 Moabitarum
270 1016 294 1056 et
306 1010 489 1056 Ammonitarum
507 1017 604 1057 turmas
620 1012 700 1053 eontra
715 1020 768 1051 eum

12 1100 120 1144 excitavit
138 1088 202 1145 Deus
221 1097 247 1160 (2
261 1100 319 1158 Reg.
336 1096 424 1158 242).
462 1097 507 1141 Hie
525 1098 583 1142 mihi
603 1096 678 1155 gravis
701 1108 769 1138 error

11 1186 99 1228 eritieis
121 1186 338 1242 interpretibusque
357 1184 435 1227 multis
460 1183 571 1238 obtigisse
596 1182 701 1232 videtur,
728 1180 768 1234 qui

10 1251 232 1314 Nebueadnezarern
258 1283 310 1313 eum
336 1282 379 1324 eo,
408 1282 477 1328 quem
502 1266 618 1332 diximus,
649 1265 767 1312 variorum

11 1361 157 1420 populorum.
166 1360 271 1405 exercitu
289 1358 476 1417 Hierosolymam
486 1358 576 1417 oepisse
586 1363 692 1413 narrant3
704 1357 767 1416 quod

11 1447 31 1491 si
47 1447 135 1491 facturn
152 1452 229 1500 esset,
247 1445 310 1489 nullo
328 1445 398 1489 modo
416 1446 526 1504 conjungi
542 1449 639 1504 possent
653 1444 768 1488 narratio-

10 1546 52 1575 nes
69 1532 157 1575 Ghron.
174 1536 199 1574 et
213 1532 287 1587 neg.;
315 1532 385 1574 verba
406 1535 483 1573 autem
507 1532 565 1588 Reg.
587 1535 669 1587 aperte
690 1528 769 1571 decla-

10 1620 74 1660 rant:
92 1619 173 1674 gentes
187 1614 276 1659 Judaeis
293 1615 380 1660 vicinas
396 1619 435 1660 aut
449 1616 583 1676 Babyloniis
596 1616 645 1678 jam
657 1619 770 1675 parentes

11 1709 51 1750 aut
67 1687 131 1750 forte
147 1704 238 1750 faedere
254 1720 308 1750 eum
325 1707 354 1750 iis
368 1706 464 1765 junctas
483 1707 507 1751 iu
528 1706 670 1766 Jojalimum
687 1705 767 1749 conei-

10 1797 68 1837 tatas
81 1808 134 1840 esse
151 1796 273 1849 (vocantur
290 1778 445 1851 quoquenon
461 1795 579 1838 exereitus
595 1785 766 1845 sedeatervae,

11 1891 94 1942 arabba,
117 1879 179 1942 quod
200 1884 268 1943 reate
284 1879 414 1922 observavit
430 1878 512 1922 Winer
528 1878 602 1941 ln),
623 1878 699 1921 donee
714 1879 767 1935 ipse
845 1903 847 1906 .

7 1962 144 2022 justorum
167 1964 272 2009 exercitu
292 1963 436 2010 adventaret.
475 1953 591 2024 Quicum
611 1964 768 2019 adventasset,

10 2069 90 2113 regem
106 2055 130 2098 iu
145 2055 235 2100 vinnula
251 2054 352 2114 conjecit
367 2054 481 2118 (appelby-‚23
495 2040 598 2117 imppp)
621 2064 649 2100 nt
666 2055 769 2100 adriane-

10 2148 80 2199 retur
98 2137 192 2205 (arabat)
215 2143 358 2197 Babylonem
381 2142 398 2184 2
418 2116 474 2184 cir.
494 2116 574 2185 anso.
614 2142 671 2184 Haeo
691 2144 770 2183 autem

10 2226 111 2269 narratio
128 2238 180 2267 oum
196 2224 213 2265 2
228 2223 287 2279 neg.
304 2224 347 2274 24,
363 2224 388 2264 ’6
405 2230 429 2264 et
446 2225 534 2268 Jerem.
550 2224 595 2276 22,
616 2224 647 2266 19
663 2237 768 2281 pugnare

10 2311 58 2357 visa
76 2316 123 2366 est,
142 2322 232 2370 neque,
249 2307 316 2371 quarn
331 2309 439 2370 plerique
455 2311 533 2357 eonati
555 2316 609 2357 sunt
620 2310 768 2358 difficultatis

12 2400 165 2460 expediendae
181 2402 253 2455 viam,
270 2415 320 2446 eam
334 2414 385 2444 oum
404 2414 484 2444 rerum
499 2401 562 2444 serie
578 2402 639 2458 bene
658 2402 768 2459 eorrjuugi

11 2501 82 2544 posse
98 2485 213 2548 videol).v
234 2489 296 2532 Rem
316 2487 348 2529 ita
370 2485 481 2544 expedim
518 2485 602 2532 Voluit
623 2501 665 2530 rex
685 2479 769 2544 Babyl.

9 2574 141 2581 ——.—..

27 2611 46 2665 ¹)
61 2613 119 2667 dlii,
134 2618 158 2655 ut
175 2613 278 2655 Buddeus
291 2617 313 2655 et
325 2613 408 2655 Dabler
425 2615 562 2667 Jojakimum
582 2616 650 2659 fuisse
666 2618 770 2668 vinetum,
810 2669 812 2673 Α

64 2700 88 2733 ut
103 2695 239 2746 Babylonem
254 2698 409 2742 abduceretur,
426 2700 448 2734 at
467 2699 489 2735 io
502 2699 575 2736 itinere
591 2703 703 2737 mortuum
716 2710 769 2742 esse,

64 2772 138 2823 ibique
159 2775 290 2824 insepultum
308 2774 402 2822 jacuisse
410 2803 413 2817 ,
422 2775 498 2813 volunt
509 2770 604 2824 (berem.
617 2776 708 2825 2219),
723 2787 769 2822 quae

66 2862 125 2888 ruera
145 2856 177 2889 est
196 2851 333 2898 conjectura,
359 2838 435 2899 neque«.
449 2839 646 2900 equidem-eredo,
670 2860 694 2896 ny
712 2849 769 2902 :35³1

69 2917 129 2980 ibid}
142 2923 220 2988 Πᾶς.
235 2925 268 2974 24,
284 2925 297 2965 6
313 2926 377 2978 (quod
392 2939 430 2977 per
446 2926 552 2969 incuriam
567 2927 625 2968 baud
636 2924 769 2980 probandam

207 3007 220 3014 ,.
605 3007 617 3031 2
