1913 3234
484 40 583 126 uo

192 234 259 286 itum
278 236 323 287 est,
339 235 460 291 postquam
475 231 500 274 in
514 229 673 288 captivitatem
691 229 799 276 redactus
817 235 853 276 est
868 229 938 276 lsrael

191 324 232 374 „et
242 320 376 365 ierusalem
390 317 482 362 deserta
495 320 539 369 est,
554 306 616 361 sedit
626 316 742 361 ieremias
758 318 871 377 propheta
882 318 940 362 flens

193 414 234 463 „et
252 406 340 467 planxit
362 405 527 450 lamentatione
548 404 592 449 hac
612 405 636 449 in
657 403 788 457 Jerusalem
809 412 835 451 ot
855 421 940 452 amoro

192 498 293 549 „animo
319 497 448 554 suspirans
471 501 497 538 et
517 494 614 553 ejulans
639 493 728 539 dirit.“
774 494 806 540 Hi
821 492 892 539 LXX
916 498 942 538 ct

192 581 260 641 vulg.
276 580 344 626 'tituli
364 582 459 640 (quibus
479 581 582 637 accedit,
604 580 665 640 qnod
685 583 795 640 quintum
814 595 906 627 carmen
925 580 941 626 sa

192 667 267 728 Vulg„
279 670 416 730 inscriptum
430 664 478 714 ost}
497 670 587 724 „oratio
603 669 747 732 teremia‘q,
763 672 808 717 etsi
823 684 903 730 neque
915 670 939 714 in

192 757 266 801 Hebr.
283 772 359 817 neque
375 760 399 803 in
414 758 467 818 Syr.
483 772 560 818 neque
575 759 694 820 inchald.
711 751 861 806 autAlabico
876 743 943 803 textu

194 848 304 906 leguntur
313 849 502 906 sargumentum
526 853 663 907 tempusque
680 853 746 893 recte
765 849 875 894 indicare
886 842 941 892 cen-

194 936 261 980 sendi
271 940 333 991 sunt,
346 937 414 980 modo
425 939 449 981 in
461 940 600 983 uniuersum
611 936 674 982 dicta
686 939 846 983 existimentur
856 949 900 981 nec
912 935 940 980 ad

193 1027 294 1082 singula
306 1025 406 1068 carmina
420 1023 562 1068 referantur.
582 1024 678 1070 Maximi
688 1031 765 1071 autem
775 1030 813 1071 cst
822 1023 941 1077 momenti,

193 1128 321 1172 quanquam
339 1116 363 1156 et
376 1113 451 1171 ipsum
468 1115 505 1156 est
521 1112 700 1168 difficillimum,
714 1115 822 1169 doliture,
834 1114 863 1158 orl
880 1111 943 1173 quod

193 1208 284 1256 tempus
299 1200 408 1266 quodque
423 1201 539 1259 pertineat
556 1216 657 1257 carmen,
671 1217 722 1247 oum
739 1206 847 1248 accurata
857 1201 942 1245 horum

193 1276 330 1333 threnorum
340 1289 411 1334 lectio
422 1288 539 1337 nemiuem
549 1303 596 1334 non
608 1290 677 1334 facile
687 1290 777 1347 doceat,
789 1305 836 1335 non
849 1289 943 1334 easdem

194 1377 316 1436 deplorare
331 1377 486 1431 calamitates,
503 1376 568 1421 seda
584 1378 674 1422 minore
686 1377 714 1423 ad
729 1379 840 1437 majorem
855 1380 942 1422 luctum

194 1465 306 1523 progredi
320 1470 395 1510 vatem
412 1462 469 1526 (cfr.
487 1463 502 1523 §
517 1464 568 1519 lo),
580 1479 626 1523 quo
641 1465 676 1519 fit,
694 1470 720 1510 ut
734 1466 763 1510 ad
778 1466 870 1511 diversa
883 1471 943 1510 tem-

191 1567 250 1611 pora
265 1552 353 1597 reterri
372 1558 482 1611 oportere
499 1567 526 1596 ea
541 1539 633 1598 vileant
653 1554 773 1599 lectores.v
793 1554 844 1599 Hac
865 1553 895 1598 de
916 1567 944 1598 re

194 1641 327 1699 paucissimi
360 1640 430 1684 morlo
454 1640 602 1700 disputarunt
623 1642 777 1701 interpretes,
800 1643 878 1702 iique,
894 1643 944 1701 -qul

193 1728 284 1788 singulo
299 1730 397 1774 carmini
411 1742 479 1772 suum
488 1730 634 1787 conatisunt
650 1730 755 1774 tribucre
768 1735 868 1790 tempus,
879 1729 943 1789 saepe

194 1818 284 1862 levibus
309 1816 451 1876 conjecturis
479 1817 527 1861 nixi
553 1832 605 1862 suas
631 1819 776 1877 protulerunt
804 1819 943 1874 sententias-3

195 1919 273 1963 neque
290 1920 340 1959 nos,
358 1905 402 1948 nisi
420 1918 472 1963 quac
490 1919 518 1950 cn
534 1906 682 1951 historiarum
701 1921 752 1951 cum
768 1908 894 1955 carminum
906 1920 943 1950 ar-

194 2001 305 2052 gamonio
332 1994 497 2053 conjunctione
517 1995 672 2063 sequi4nobis
693 1993 812 2047 videntur,
833 1992 956 2050 proferres

195 2082 321 2137 audemus,
351 2097 391 2137 aa,
421 2097 472 2143 quae
488 2081 538 2125 veri
553 2082 649 2138 similia,
677 2096 722 2127 non
744 2096 796 2140 quae
813 2096 868 2127 vera
890 2095 944 2126 esse

195 2173 301 2225 dicimus,
317 2171 427 2230 indagare
443 2171 527 2216 conati.

255 2260 335 2320 ltaque
356 2259 386 2306 de
402 2264 484 2322 primo
500 2264 590 2324 capite,
609 2258 672 2320 quod
686 2260 785 2305 Horror
798 2267 823 2305 et
840 2260 944 2305 Jatnins

194 2350 221 2394 atl
237 2351 361 2410 Jojacttm'
375 2336 586 2411 deportationem,
609 2335 638 2393 de
660 2361 706 2407 quo
722 2347 821 2391 diximus
835 2346 850 2406 ἕ
866 2346 890 2401 5,
905 2361 943 2391 re-

194 2438 316 2482 ferendum
334 2452 387 2482 esse
401 2440 549 2493 censuerunt,
566 2438 709 2488 assentiente
725 2426 943 2497 qnoqueRieglero

196 2539 247 2584 pag.
263 2524 287 2577 9,
302 2525 345 2569 alia
361 2524 429 2568 nobis
447 2529 482 2568 est
498 2526 622 2570 sententia.
661 2524 687 2568 Si
709 2523 770 2566 enim
788 2520 896 2569 accurate
908 2526 943 2569 in-

139 2671 140 2674 *
195 2613 318 2671 spiciamus
333 2613 357 2657 in
372 2612 430 2656 illud
446 2628 547 2669 carmen,
563 2613 684 2665 nonnullo,
701 2625 752 2669 quoa
776 2611 799 2655 in
820 2613 865 2657 ista
880 2613 943 2672 loja-

195 2699 258 2745 chini
274 2705 379 2758 tempora
397 2700 481 2745 cadero
498 2704 534 2747 vix
551 2706 655 2762 possunt,
672 2700 828 2754 inveriiemus3
851 2700 942 2744 calami-

194 2795 227 2833 tas
245 2790 306 2834 cnim
321 2788 364 2833 sub
378 2788 508 2848 Jojaolnino,
525 2791 626 2849 quamvis
647 2789 743 2843 acerba,
759 2802 806 2833 non
822 2791 869 2832 tam
885 2788 942 2832 (lura

194 2877 267 2922 fnisse
290 2874 399 2932 violetur,
424 2891 502 2935 neque
526 2879 590 2923 urbis
612 2876 703 2930 obsidio
726 2877 798 2922 tantis
819 2877 942 2936 conjuncta
