1913 3234
484 93 571 142 ⁶70

177 248 319 296 verisimiles
335 252 378 307 sn,
400 252 533 309 udioersis
545 251 665 296 autoribus
680 251 796 311 proieetes
812 264 864 296 esse
878 251 928 301 illes

180 320 342 396 paraphrases,
368 343 445 383 tamen
462 337 586 381 admodum
611 337 738 395 probabilis
760 343 796 381 est
815 340 929 385 sententia
953 333 956 356 ³

180 423 261 468 Wolfii
278 423 306 481 (l.
320 437 341 466 e.
356 437 393 483 pg·
410 422 492 482 1175),
507 421 639 487 Ioseplrnm
657 426 733 472 illem
743 425 851 474 Luscum
860 425 929 475 Obol-

182 512 250 558 rloiee
271 513 396 575 discipulis
421 519 473 561 snio
492 518 548 562 illos
569 517 643 562 libros
665 531 719 561 ease
740 519 931 577 interpretatum

181 603 308 660 opinantis,
330 603 372 646 has
392 604 601 662 interpretationes
617 606 698 660 postea
714 602 742 645 ab
758 603 815 660 ipsis
831 602 931 659 discipu-

180 684 210 731 lis
230 690 322 734 litteris
344 692 505 750 eorrsignatns
527 670 594 744 esse,
619 701 671 748 quae
698 685 813 748 deinde1)
834 687 931 735 aliorum

181 774 258 822 studio
279 776 427 839 locupletatae
443 780 467 826 in
481 780 544 826 hune
557 779 661 825 habitum
673 780 835 841 excreverint,
850 779 874 823 in
886 793 931 838 qno

182 881 245 911 nune
261 869 442 926 conspiciuntur.
464 868 509 927 'lta
524 868 634 911 facillime
646 868 807 925 intelliguntur
820 867 933 910 sermonis

184 950 338 996 diversitates.
394 966 396 973 ’

246 1038 359 1087 Nostrum
376 1055 432 1087 vero
447 1041 471 1088 in
484 1039 595 1110 Tbrenos
615 1041 727 1104 Targnm
746 1043 792 1089 etsi
804 1057 851 1088 non
865 1042 934 1088 tantis

184 1131 251 1189 nugis
263 1137 288 1174 et
302 1132 396 1190 ineptiis
405 1135 487 1186 scatet,
492 1110 595 1190 “fluentis
602 1131 692 1176 Cantici
700 1131 856 1191 paraphrasis
864 1129 934 1175 multa

184 1223 262 1261 tamen
284 1217 356 1261 habet
374 1231 403 1260 ex
419 1218 554 1274 interpretis
572 1218 666 1274 ingenio
693 1217 796 1282 eonfiota
817 1216 934 1273 multaque

183 1302 268 1349 fabulis
291 1302 381 1349 referta
407 1300 626 1365 interpretationum
647 1303 700 1350 loeo
721 1304 825 1374 exhibet.
866 1292 934 1365 Quod

182 1395 296 1456 judicium
309 1395 495 1454 sententiamque
507 1395 552 1440 elio
566 1394 621 1451 loeo
636 1411 649 1440 a
661 1410 699 1441 me
714 1396 800 1442 dietam
815 1395 935 1453 (decant.

186 1482 244 1528 Deb.
260 1496 298 1540 pg.
310 1480 355 1538 lx)
364 1487 390 1525 ut
399 1481 547 1536 confirmare,
560 1458 734 1540 lectoribusque
749 1483 853 1526 indolem
867 1481 935 1538 hujus

186 1567 355 1627 paraphraseos
371 1543 490 1624 exponere
507 1566 610 1625 possim,
631 1544 730 1627 quiade
748 1582 775 1612 ea
795 1580 823 1610 re
842 1566 870 1611 ab
891 1565 935 1610 allo

186 1655 320 1719 singillatim
338 1655 463 1715 quaesitum
477 1670 530 1703 esse
545 1671 592 1703 non
607 1658 662 1718 legi,
679 1658 784 1718 exempla
796 1657 937 1717 quaenamrex

187 1747 258 1807 Terg.
276 1747 301 1792 in
316 1745 429 1806 Thronos
442 1744 548 1790 desumto
566 1747 676 1804 proferre
695 1745 758 1790 haud
774 1745 869 1805 pigebit.
903 1745 937 1789 Ita

187 1835 205 1898 l.
221 1834 245 1877 1.
258 1832 288 1875 de
303 1833 395 1900 Adonei
409 1840 435 1876 et
450 1834 514 1876 Eme
529 1833 631 1888 loquitur
647 1837 758 1889 peceato,
780 1831 798 1875 Ι.
813 1830 836 1873 2.
853 1830 936 1888 legatis

187 1919 212 1962 in
233 1923 319 1962 terrem
340 1915 444 1961 Carrenit.
465 1932 481 1963 a
497 1917 566 1964 Mose
581 1917 658 1964 missis
680 1922 705 1964 et
721 1925 793 1967 noete
812 1920 875 1968 noni
888 1918 938 1968 ellel

187 2012 278 2057 mensis
293 2009 330 2056 Ab
342 2011 457 2062 reversis,
467 2023 519 2054 eum
535 2009 634 2069 populus
651 1998 772 2064 iievisse't,⁴
783 2005 819 2055 ira
835 2009 879 2055 Dei
896 2023 936 2054 ex-

189 2096 327 2143 ardescente
343 2102 503 2145 oonstltetum
517 2115 576 2152 esee,
591 2106 618 2144 nt
630 2100 675 2144 illo
685 2096 857 2143 nooiedomns
867 2113 938 2142 sono·

189 2187 269 2230 tuerit*
286 2186 476 2230 combureretur.
491 2185 509 2229 1.
528 2184 566 2227 18.
585 2198 650 2247 2231773
665 2195 754 2240 anre-⁸2
775 2182 846 2227 verba
863 2181 938 2228 Ioaz'ae

187 2283 241 2317 osse
258 2269 367 2332 explieat,
384 2270 423 2332 qui
439 2269 483 2318 bei
499 2285 553 2319 eum
571 2288 584 2320 a
601 2269 664 2320 bello
680 2285 734 2318 oum
750 2268 868 2333 AEgyptiis
885 2286 938 2318 sus-

188 2363 298 2423 cipiendo
316 2362 457 2408 deterrentis
473 2364 544 2409 verbo
559 2359 623 2423 (ἕῖ)
635 2375 682 2407 non
691 2361 809 2418 obediret,
824 2363 869 2407 etsi
881 2360 937 2406 alias

188 2451 276 2495 iaotum
290 2465 333 2507 per
342 2450 477 2495 Nebnoadn.
494 2451 611 2496 excidium
623 2449 707 2494 defleri
718 2450 750 2493 ait
762 2448 938 2505 Parapbrastes.

190 2535 208 2577 r.
224 2536 263 2576 ro.
278 2528 461 2591 Romanorum,
480 2539 541 2582 nnn
552 2541 576 2580 et
595 2532 743 2596 Vespasiani
757 2533 845 2577 menno
858 2532 894 2577 nr.
914 2532 938 2588 2,

207 2756 227 2808 ¹)
240 2758 312 2814 Plura
321 2771 368 2797 esse
388 2758 436 2799 lore
453 2759 607 2800 additamentis
627 2759 655 2798 nb
668 2757 712 2797 elie
730 2769 796 2796 manu
815 2756 901 2795 insertis
917 2756 939 2794 in

242 2836 320 2875 chald.
330 2835 399 2886 Terg.
412 2841 513 2886 corrupta
521 2836 614 2882 videbit,
628 2822 666 2883 qdr
681 2844 723 2871 uuo
731 2837 805 2870 tenore
814 2845 865 2872 eum
873 2832 939 2884 legit3

242 2911 289 2952 trec
303 2916 376 2953 autem
390 2911 473 2954 indoles
486 2912 614 2956 sententiam
629 2916 723 2956 nostrum
737 2910 843 2956 defendit.
