1913 3234
526 67 647 136 rr

168 237 193 276 et
208 234 325 282 Goloinos
337 236 396 296 (op.
408 235 448 282 lv.
463 230 531 294 594),
546 237 719 295 Hierosolymae
735 235 850 281 excidium
865 232 918 279 ideo

166 319 323 367 miserabilius
342 324 415 369 visum
436 338 488 369 esse
507 324 603 369 aliarum
623 324 714 370 urbium
731 323 841 376 interitu,
866 322 918 380 quia

166 407 200 453 ibi
222 415 285 455 esset
304 411 505 457 sedesdoetriuae
526 417 551 458 et
572 413 647 459 forma
675 413 783 460 eeclesiae
807 422 919 470 conspee-

165 499 225 555 tior3
240 499 359 558 graviores
371 501 426 547 ideo
444 503 585 548 tentationes
602 508 694 569 mentes
710 504 791 550 subire
806 499 919 562 potuisse,

166 588 282 648 quomodo
303 590 457 648 implerentur
476 593 643 652 promissiones
666 591 757 638 [livinae.
794 590 918 648 Compara-

166 683 205 722 tur
222 683 299 723 autem
320 679 375 723 urbs
398 681 526 740 saepissime
546 681 740 741 apud'Hebraeos
760 683 841 739 poetas
865 690 918 721 oum

166 769 280 823 muliere,
309 768 375 827 eujus
395 772 499 817 maritos
520 775 556 815 est
571 786 625 826 rex,
646 769 729 815 ineolae
743 771 804 829 filim
812 768 918 829 filiique,

167 857 260 915 quode
282 856 393 916 loquendi
409 873 497 917 genere
512 865 625 916 accurate,
646 865 671 904 ul
696 858 773 913 solet,
793 853 919 916 disputavit

167 947 287 992 Geranios
304 942 344 1005 (ad
359 945 401 989 Es.
417 948 438 990 1.
456 947 473 990 8
489 963 526 1007 pg.
544 945 615 1006 154),
633 947 746 1005 Syrisque
763 945 826 991 idem
842 943 918 988 fuisse

166 1034 275 1077 usitatum
291 1033 368 1076 donet.
405 1034 488 1092 Neque
505 1035 596 1079 Graecis
613 1035 771 1092 Romanisque
786 1032 864 1092 poetis
881 1031 918 1074 in-

164 1119 233 1163 solita
259 1125 309 1163 erat
335 1119 387 1163 haee
413 1119 507 1166 dicendi
528 1122 635 1166 formula.
672 1129 714 1183 :app
737 1122 767 1165 tle
785 1118 917 1178 lugentibus

164 1210 296 1264 usurpatur,
312 1207 351 1263 qui
367 1207 392 1250 iu
403 1206 452 1250 solo
466 1214 591 1252 maerentes
606 1208 699 1261 sedent,
717 1207 806 1251 Ezeeb.
821 1205 861 1259 26,
877 1204 916 1248 16.

86 1303 89 1309 ·
163 1292 226 1337 Hlob
242 1294 272 1347 2,
287 1294 315 1347 8,
332 1293 453 1351 praecipue
466 1293 496 1336 «le
515 1294 582 1350 urbe,
599 1309 651 1353 quae
667 1300 704 1338 est
720 1292 825 1338 desolata
837 1291 878 1335 Es.
891 1290 916 1345 3,

163 1375 230 1441 25¹).
261 1391 306 1444 *1323
322 1379 485 1448 adverbialiter
508 1381 594 1426 dletum
612 1380 915 1439 utus,27‚1o(Jerem.

164 1469 209 1524 49,
230 1466 281 1525 31).
318 1482 374 1533 spa-J
390 1481 433 1527 pro
450 1480 508 1533 ,πῃ
540 1469 628 1529 aliquid
655 1471 776 1530 elegantiae
800 1446 918 1520 haberes

164 1556 277 1613 additum,
291 1559 398 1617 probarit
407 1558 528 1603 Schrader·
543 1557 631 1618 (lostit.
646 1559 675 1604 ad
693 1559 760 1613 fund.
776 1558 831 1619 ling.
844 1556 916 1603 Hebr.

95 1673 98 1680 =
163 1648 218 1693 Ulm
231 1646 293 1692 1785
307 1661 357 1707 pag.
371 1645 427 1701 tol,
441 1646 488 1691 213
506 1646 549 1692 eir.
564 1649 676 1711 Ewoldii
690 1648 768 1693 Gram.
783 1649 840 1692 edit.
854 1643 917 1690 1835

163 1733 267 1804 §look
285 1713 331 1803 aas)
356 1738 454 1780 maxime
483 1736 512 1780 (le
544 1737 631 1794 magnis
657 1743 783 1797 usurpatur
810 1730 934 1790 urbibus,¹

86 1878 87 1881 Ἰ
164 1826 227 1878 uude
247 1828 272 1870 in
288 1806 447 1883 metropoleos
467 1823 660 1882 significationem
682 1825 787 1880 transiit,
811 1828 837 1876 ut
853 1822 915 1868 Rab-

163 1907 327 1967 bat-Ammon,>
355 1911 542 1967 Rabbal-Moab,
567 1911 669 1956 Hemath
690 1911 913 1972 Rabbatvindioanss

156 1995 315 2064 frequentem
332 2007 409 2045 autem
434 2001 526 2061 popolo
546 2004 613 2044 reete
633 2005 700 2051 vocat
718 2000 913 2060 Hierosolymam,

162 2091 187 2135 in
203 2098 248 2149 quo
264 2092 391 2135 incolarum
408 2090 505 2147 amplios
528 2093 619 2132 eentum
639 2088 710 2133 millia
725 2079 914 2141 fuisse'coustat‚

161 2178 291 2237 diebusque
307 2178 388 2233 festis,
404 2177 486 2235 quibus
504 2190 533 2220 ex
551 2175 657 2225 omnibus
669 2175 800 2221 Palaestinae
815 2175 917 2234 regioni-

161 2266 203 2309 bus
224 2266 248 2309 in
269 2265 349 2310 urbem
369 2264 529 2318 confluerent,
555 2264 667 2321 majorem
688 2264 758 2308 etiam
785 2262 914 2306 multitudi-

161 2368 214 2397 nem
245 2353 321 2412 (teste
343 2351 459 2410 Josepho,
479 2351 541 2396 bello
565 2350 620 2396 Jud.
645 2348 729 2396 vlo.
754 2350 828 2395 uirilis
844 2363 918 2397 sexus.

161 2440 292 2497 sinopae
314 2439 448 2498 Pasolrate).
506 2437 591 2510 anaba?
604 2451 663 2509 rippa
679 2443 753 2500 foeta
774 2448 811 2486 est
832 2440 913 2495 oidoo,

174 2645 195 2701 ¹)
213 2645 319 2687 Nummus
338 2646 409 2685 adhue
423 2652 491 2688 exstat
504 2648 633 2700 Vespasiano
647 2643 724 2704 imper.
739 2659 814 2698 ausus,
833 2646 856 2687 in
870 2639 912 2699 quo

212 2726 290 2765 Jrirlea
312 2731 475 2777 representatur
494 2729 533 2767 sub
554 2728 655 2780 imagine
666 2725 780 2773 mulieris,
807 2739 852 2777 que
872 2727 912 2768 sub

213 2806 286 2858 palma
299 2806 361 2846 sedet
373 2809 458 2855 mesta3
471 2807 511 2848 cfr.
527 2808 590 2847 Goree
604 2806 734 2849 historiselre
747 2806 914 2848 Erubesohreib.

214 2900 250 2938 pg.
264 2884 313 2928 692.
