1913 3234
491 34 566 145 '44

172 230 252 291 num),
273 221 357 282 mirum
374 250 435 292 csse,
452 236 481 291 si,
499 234 540 294 qui
557 233 676 293 Cononem
692 249 785 281 sacrum,
801 234 920 287 concluse·

172 322 233 379 rint,
250 324 301 368 sive
316 323 387 369 inerit
398 324 471 369 Erras
487 323 537 367 sive
552 321 605 377 aiii,
629 322 673 391 hos
694 323 725 369 de
745 323 808 369 Josia
823 323 920 375 threnos
941 312 948 354 i}

173 410 295 456 canonicis
317 412 381 456 tibris
400 425 447 456 non
466 410 627 470 adjunxerint,
652 411 696 456 sed
717 426 759 458 eos
776 413 855 472 perire
874 413 921 457 sint

113 556 116 560 x
172 500 242 559 passi.
274 500 305 543 At
322 494 502 545 haec'dubitotio
517 499 656 560 speciosior,
687 515 755 558 quam
775 502 865 556 νοτίοις
888 501 922 546 oi·

173 592 251 631 tantur
261 588 324 639 ,enim
341 587 366 631 in
381 601 399 633 s.
416 600 436 632 o.
450 587 517 633 multi
532 588 587 633 iibri
604 587 659 648 (cfr.
676 585 754 633 Wolfii
774 589 837 634 Brut:
848 588 921 634 Hebr.
945 594 948 627 ἱ

173 674 194 718 lt
212 688 251 733 pg.
266 672 332 735 244),
347 690 404 735 quos
419 677 443 721 in
460 676 583 722 canonicis
596 676 662 721 libris
676 677 782 726 inserere
796 679 921 722 notuerunt
952 659 954 661 ,

173 762 272 807 Ganonis
289 769 391 819 autores,
408 764 452 810 nisi
469 766 547 825 potius
557 763 693 823 dicendum,
714 778 760 816 non
772 765 800 810 ab
817 763 863 809 uno
878 764 924 816 hor.
949 797 954 822 3

172 852 235 896 mine
252 853 287 897 sic
303 852 439 911 digerente,
455 853 498 898 sed
510 867 553 912 per
562 857 692 910 temporum
706 866 857 913 progressum
866 866 928 906 cons.

173 939 262 984 fectum
281 955 333 984 esse
349 941 468 985 canonem
490 937 544 1001 (cfr.
561 934 591 985 de
606 940 685 987 Wette
700 941 762 989 nini.
781 941 803 986 1.
818 954 855 1000 pg.
865 937 921 1000 ¹17),
948 968 952 1007 .{

174 1027 249 1072 div'ina
265 1033 342 1072 tamen
362 1026 508 1086 providentia
524 1030 556 1073 ita
569 1029 716 1084 moderante,
733 1033 760 1073 ut
776 1030 867 1088 quinam
878 1026 921 1081 Ca-

155 1117 263 1159 ·nonicis
285 1115 351 1159 libris
371 1118 450 1159 essent
467 1116 602 1172 inserendi,
623 1118 717 1175 quinam
731 1116 851 1170 servandi,
872 1115 922 1174 qui·
952 1095 953 1098 Ἰ

173 1217 227 1247 uem
243 1203 360 1261 perirent,
376 1203 565 1248 constitueretur.
680 1263 682 1266 ἡ

236 1291 269 1335 De
285 1292 385 1352 Josepti
398 1304 454 1335 vero
470 1292 604 1336 testimonio
614 1290 677 1335 idem
683 1289 798 1350 judicium
812 1290 921 1349 proferre

115 1415 118 1417 -
172 1393 307 1439 possemus,
333 1379 354 1423 si
373 1378 444 1424 statui
466 1376 564 1433 iiceiet,
590 1378 648 1425 aiios
670 1392 723 1435 eum
742 1379 877 1437 cognovisse
893 1378 921 1423 ti·
952 1413 953 1416 ,

170 1469 241 1521 bros,
258 1505 260 1507 .
273 1467 312 1524 qui
327 1480 341 1510 a
355 1467 441 1510 sanctis
458 1466 513 1510 viris
528 1467 611 1526 scripti
626 1467 761 1520 ferrentur,
788 1481 855 1525 quam
871 1481 921 1522 eos,
953 1470 956 1511 1

174 1569 232 1614 quos
246 1555 271 1599 in
287 1553 381 1599 Conone
396 1567 439 1598 suc
452 1555 577 1599 invenerit.
609 1556 661 1601 Hoc
675 1560 766 1608 autem,
789 1558 921 1613 comparato
955 1575 957 1578 »

173 1642 245 1688 nobili
266 1642 307 1686 itio
326 1640 379 1685 loon
399 1645 481 1685 contra
499 1643 614 1701 Apionem
631 1644 653 1690 1.
670 1641 699 1697 S,
722 1642 746 1686 in
761 1655 806 1700 quo
818 1642 861 1686 sub
876 1642 921 1686 dr·

173 1737 267 1776 taxerxe
290 1728 411 1774 canonem
426 1729 560 1774 confectum
576 1745 629 1776 esse
650 1730 733 1783 docet,
758 1743 851 1774 sumere
874 1743 922 1774 non

173 1832 304 1880 possumus.
337 1817 381 1866 nt.
408 1817 447 1875 qui
461 1800 560 1876 Joscphi
581 1819 669 1877 scripta
686 1807 811 1874 diiigenter
828 1816 926 1876 legerit,

173 1920 236 1965 saepe
249 1904 440 1950 animadverterit
460 1919 641 1950 summamvcum
666 1906 690 1949 in
709 1905 753 1949 hac
770 1918 798 1947 re
816 1904 920 1961 posuisse

173 2009 266 2048 curam,
294 2005 323 2036 ne
340 2006 384 2050 quo
403 1992 560 2049 discrepantia
581 1992 685 2050 explocis
707 2006 726 2060 s⁸¹
745 2006 765 2036 c.
781 1992 920 2052 difficilibus

174 2088 224 2128 orta
245 2083 346 2125 lectores
361 2078 498 2123 offenderet.
540 2080 597 2124 Cum
619 2082 690 2139 igitur
715 2081 739 2124 in
761 2078 848 2123 chron.
866 2079 920 2124 loco
939 2116 941 2119 .

174 2173 269 2218 threnos
281 2184 294 2213 a
308 2167 410 2211 Jeremia
425 2166 499 2211 factos
515 2169 641 2223 inveniret,
653 2181 742 2226 suoque
757 2173 862 2225 ternpore
879 2181 921 2210 uo-

172 2265 233 2305 stras
249 2257 325 2303 adhuc
345 2260 436 2299 exstare
452 2254 544 2300 videret
568 2257 756 2308 lamentationes,
776 2253 845 2297 facilc
867 2254 921 2298 fieri

172 2348 260 2407 potuit,
277 2343 360 2388 uthos
376 2342 405 2387 ad
418 2342 472 2387 iilos
489 2343 602 2396 referret,
626 2343 675 2387 sive
691 2356 747 2386 vere
764 2343 796 2386 ita
812 2342 919 2396 sentiret,
944 2381 946 2385 ,

172 2436 228 2487 sive,
242 2448 272 2476 ne
282 2431 337 2490 quid
347 2431 471 2475 inGanone
481 2430 662 2485 desideraretur,
676 2429 722 2474 hcc
732 2430 764 2473 ita
777 2428 920 2480 afferendum

172 2534 225 2566 esse
240 2520 344 2563 duceret.
378 2519 494 2577 igiturex
512 2518 561 2579 ejus
580 2518 713 2587 testimonio
732 2517 790 2562 nihii
809 2516 920 2577 coiiigere

173 2621 305 2671 possumus.

234 2697 383 2756 Hieronymi
397 2698 473 2738 autem
490 2710 595 2741 errorem
611 2698 661 2756 jam
681 2697 713 2741 ita
729 2695 848 2753 castigavit
864 2696 920 2740 Gal-

173 2792 245 2836 oz'nns
259 2782 377 2846 (Praelect.
398 2782 423 2828 in
445 2781 548 2829 Lamerrt.
570 2786 630 2846 0pp.
654 2785 727 2833 Amet.
742 2782 805 2846 Ν),
831 2786 857 2829 ut
872 2797 919 2829 am-

174 2878 232 2935 ptius
248 2875 302 2934 quid
319 2872 422 2933 proferri
435 2872 472 2916 vix
487 2887 545 2932 opus
562 2875 599 2919 rit.
